<record><leader>00000cas a22000007a 4500</leader><controlfield tag="001">27033882</controlfield><controlfield tag="008">921127d188u1891ctumr ne      0    0eng d</controlfield><datafield ind1=" " ind2=" " tag="010"><subfield code="a">sn 92051557 </subfield></datafield><datafield ind1=" " ind2=" " tag="040"><subfield code="a">CNW</subfield><subfield code="b">eng</subfield><subfield code="c">CNW</subfield><subfield code="d">OCLCQ</subfield></datafield><datafield ind1=" " ind2=" " tag="042"><subfield code="a">msc</subfield></datafield><datafield ind1="0" ind2=" " tag="130"><subfield code="a">Eagle (Norwich, Conn.)</subfield></datafield><datafield ind1="1" ind2="4" tag="245"><subfield code="a">The eagle.</subfield></datafield><datafield ind1=" " ind2=" " tag="260"><subfield code="a">Norwich, Conn. :</subfield><subfield code="b">George W. Carter</subfield></datafield><datafield ind1=" " ind2=" " tag="300"><subfield code="a">v.</subfield></datafield><datafield ind1=" " ind2=" " tag="310"><subfield code="a">Monthly</subfield></datafield><datafield ind1="0" ind2=" " tag="362"><subfield code="a">-v. 3, no. 31 (July 1891).</subfield></datafield><datafield ind1=" " ind2=" " tag="588"><subfield code="a">Description based on: Vol. 2, no. 13 (Jan. 1890).</subfield></datafield><datafield ind1=" " ind2="4" tag="651"><subfield code="a">Norwich (Conn.)</subfield><subfield code="v">Newspapers.</subfield></datafield><datafield ind1=" " ind2=" " tag="752"><subfield code="a">United States</subfield><subfield code="b">Connecticut</subfield><subfield code="c">New London</subfield><subfield code="d">Norwich.</subfield></datafield><datafield ind1="0" ind2="0" tag="785"><subfield code="t">Laurel hill eagle</subfield><subfield code="w">(DLC)sn 92051558</subfield></datafield><datafield ind1="1" ind2=" " tag="029"><subfield code="a">AU@</subfield><subfield code="b">000020739171</subfield></datafield></record>